@book{Negri2001,
    place={Cambridge},
    title={Structural Proof Theory},
    publisher={Cambridge University Press},
    author={Negri, Sara and von Plato, Jan and Ranta, Aarne},
    year={2001}
}