@inbook{Hofmann1997,
    place={Cambridge},
    series={Publications of the Newton Institute},
    title={Syntax and Semantics of Dependent Types},
    booktitle={Semantics and Logics of Computation},
    publisher={Cambridge University Press},
    author={Hofmann, Martin},
    editor={Pitts, Andrew M. and Dybjer, P.Editors},
    year={1997},
    pages={79â€“130},
    collection={Publications of the Newton Institute}
}